<record><leader>00000cas a22000007a 4500</leader><controlfield tag="001">13476197</controlfield><controlfield tag="008">860422d19011916wvudr ne      0    0ger d</controlfield><datafield ind1=" " ind2=" " tag="010"><subfield code="a">sn 86092515 </subfield></datafield><datafield ind1=" " ind2=" " tag="040"><subfield code="a">WVC</subfield><subfield code="b">eng</subfield><subfield code="c">WVC</subfield><subfield code="d">DLC</subfield><subfield code="d">OCL</subfield><subfield code="d">OCLCQ</subfield></datafield><datafield ind1=" " ind2=" " tag="042"><subfield code="a">msc</subfield></datafield><datafield ind1="0" ind2=" " tag="130"><subfield code="a">Deutsche Zeitung (Wheeling, W. Va. : 1901)</subfield></datafield><datafield ind1="1" ind2="0" tag="245"><subfield code="a">Deutsche Zeitung.</subfield></datafield><datafield ind1=" " ind2=" " tag="260"><subfield code="a">Wheeling, W. Va. :</subfield><subfield code="b">German-American Print. Co.</subfield></datafield><datafield ind1=" " ind2=" " tag="300"><subfield code="a">v.</subfield></datafield><datafield ind1=" " ind2=" " tag="310"><subfield code="a">Daily (except Sunday)</subfield></datafield><datafield ind1="1" ind2=" " tag="362"><subfield code="a">Began Mar. 9, 1901.</subfield><subfield code="z">Cf. Progress edition, Deutsche Zeitung, July 3, 1906.</subfield></datafield><datafield ind1="1" ind2=" " tag="362"><subfield code="a">Ceased in 1916?</subfield></datafield><datafield ind1=" " ind2=" " tag="500"><subfield code="a">"Progress edition.--Weekly: 10th Anniversary; Daily: 5th Anniversary."</subfield></datafield><datafield ind1=" " ind2=" " tag="500"><subfield code="a">C.W. Bente, ed. &amp; manager when the paper was established in 1901.</subfield></datafield><datafield ind1=" " ind2=" " tag="580"><subfield code="a">Issued also in a weekly entitled: Freiheits-banner (non-extant).</subfield></datafield><datafield ind1=" " ind2=" " tag="588"><subfield code="a">Description based on: Vol. 6, no. 100 (July 3, 1906).</subfield></datafield><datafield ind1=" " ind2=" " tag="752"><subfield code="a">United States</subfield><subfield code="b">West Virginia</subfield><subfield code="c">Ohio</subfield><subfield code="d">Wheeling.</subfield></datafield><datafield ind1="1" ind2=" " tag="775"><subfield code="t">Freiheits-banner</subfield></datafield><datafield ind1="0" ind2="0" tag="780"><subfield code="t">West Virginishe staats-zeitung</subfield><subfield code="w">(DLC)sn 86092514</subfield></datafield><datafield ind1="0" ind2="0" tag="785"><subfield code="t">West Virginia patriot</subfield><subfield code="w">(DLC)sn 86092516</subfield></datafield></record>